@article{settles2010active,
  title={Active learning literature survey},
  author={Settles, Burr},
  journal={University of Wisconsin, Madison},
  volume={52},
  number={55-66},
  pages={11},
  year={2010}
}
@article{angluin1988queries,
  title={Queries and concept learning},
  author={Angluin, Dana},
  journal={Machine learning},
  volume={2},
  number={4},
  pages={319--342},
  year={1988},
  publisher={Springer}
}
@inproceedings{baum1992query,
  title={Query learning can work poorly when a human oracle is used},
  author={Baum, Eric B and Lang, Kenneth},
  booktitle={International joint conference on neural networks},
  volume={8},
  pages={8},
  year={1992}
}
@inproceedings{atlas1990training,
  title={Training connectionist networks with queries and selective sampling},
  author={Atlas, Les E and Cohn, David A and Ladner, Richard E},
  booktitle={Advances in neural information processing systems},
  pages={566--573},
  year={1990}
}
@inproceedings{dagan1995committee,
  title={Committee-based sampling for training probabilistic classifiers},
  author={Dagan, Ido and Engelson, Sean P},
  booktitle={Proceedings of the Twelfth International Conference on Machine Learning},
  pages={150--157},
  year={1995},
  organization={The Morgan Kaufmann series in machine learning,(San Francisco, CA, USA)}
}
@article{cohn1994improving,
  title={Improving generalization with active learning},
  author={Cohn, David and Atlas, Les and Ladner, Richard},
  journal={Machine learning},
  volume={15},
  number={2},
  pages={201--221},
  year={1994},
  publisher={Springer}
}
@inproceedings{seung1992query,
  title={Query by committee},
  author={Seung, H Sebastian and Opper, Manfred and Sompolinsky, Haim},
  booktitle={Proceedings of the fifth annual workshop on Computational learning theory},
  pages={287--294},
  year={1992},
  organization={ACM}
}
@inproceedings{mccallumzy1998employing,
  title={Employing EM and pool-based active learning for text classification},
  author={McCallumzy, Andrew Kachites and Nigamy, Kamal},
  booktitle={Proc. International Conference on Machine Learning (ICML)},
  pages={359--367},
  year={1998},
  organization={Citeseer}
}
@inproceedings{settles2008multiple,
  title={Multiple-instance active learning},
  author={Settles, Burr and Craven, Mark and Ray, Soumya},
  booktitle={Advances in neural information processing systems},
  pages={1289--1296},
  year={2008}
}
@inproceedings{brinker2003incorporating,
  title={Incorporating diversity in active learning with support vector machines},
  author={Brinker, Klaus},
  booktitle={Proceedings of the 20th International Conference on Machine Learning (ICML-03)},
  pages={59--66},
  year={2003}
}
@inproceedings{guo2008discriminative,
  title={Discriminative batch mode active learning},
  author={Guo, Yuhong and Schuurmans, Dale},
  booktitle={Advances in neural information processing systems},
  pages={593--600},
  year={2008}
}
@inproceedings{hoi2006batch,
  title={Batch mode active learning and its application to medical image classification},
  author={Hoi, Steven CH and Jin, Rong and Zhu, Jianke and Lyu, Michael R},
  booktitle={Proceedings of the 23rd international conference on Machine learning},
  pages={417--424},
  year={2006},
  organization={ACM}
}
@inproceedings{settles2008active,
  title={Active learning with real annotation costs},
  author={Settles, Burr and Craven, Mark and Friedland, Lewis},
  booktitle={Proceedings of the NIPS workshop on cost-sensitive learning},
  pages={1--10},
  year={2008}
}
@inproceedings{reichart2008multi,
  title={Multi-Task Active Learning for Linguistic Annotations.},
  author={Reichart, Roi and Tomanek, Katrin and Hahn, Udo and Rappoport, Ari},
  booktitle={ACL},
  volume={8},
  pages={861--869},
  year={2008}
}
@inproceedings{zhu2003combining,
  title={Combining active learning and semi-supervised learning using gaussian fields and harmonic functions},
  author={Zhu, Xiaojin and Lafferty, John and Ghahramani, Zoubin},
  booktitle={ICML 2003 workshop on the continuum from labeled to unlabeled data in machine learning and data mining},
  volume={3},
  year={2003}
}
@inproceedings{muslea2002active+,
  title={Active+ semi-supervised learning= robust multi-view learning},
  author={Muslea, Ion and Minton, Steven and Knoblock, Craig A},
  booktitle={ICML},
  volume={2},
  pages={435--442},
  year={2002}
}
@article{golovin2011adaptive,
  title={Adaptive submodularity: Theory and applications in active learning and stochastic optimization},
  author={Golovin, Daniel and Krause, Andreas},
  journal={Journal of Artificial Intelligence Research},
  volume={42},
  pages={427--486},
  year={2011}
}
@inproceedings{golovin2010adaptive,
  title={Adaptive Submodularity: A New Approach to Active Learning and Stochastic Optimization.},
  author={Golovin, Daniel and Krause, Andreas},
  booktitle={COLT},
  pages={333--345},
  year={2010}
}
@inproceedings{jun2016graph,
  title={Graph-based active learning: A new look at expected error minimization},
  author={Jun, Kwang-Sung and Nowak, Robert},
  booktitle={Signal and Information Processing (GlobalSIP), 2016 IEEE Global Conference on},
  pages={1325--1329},
  year={2016},
  organization={IEEE}
}
@inproceedings{dasarathy2015s2,
  title={S2: An efficient graph based active learning algorithm with application to nonparametric classification},
  author={Dasarathy, Gautam and Nowak, Robert and Zhu, Xiaojin},
  booktitle={Conference on Learning Theory},
  pages={503--522},
  year={2015}
}
